<?xml version="1.0"?>
<record>
  <leader>01219cas a2200337 a 4500</leader>
  <controlfield tag="001">sn 86069873 </controlfield>
  <controlfield tag="003">DLC</controlfield>
  <controlfield tag="005">20080105103451.0</controlfield>
  <controlfield tag="008">860505d189519uukyucr ne      0   a0eng d</controlfield>
  <datafield ind1=" " ind2=" " tag="010">
    <subfield code="a">sn 86069873 </subfield>
  </datafield>
  <datafield ind1="1" ind2=" " tag="022">
    <subfield code="a">1940-9737</subfield>
    <subfield code="2">1</subfield>
  </datafield>
  <datafield ind1=" " ind2=" " tag="035">
    <subfield code="a">(OCoLC)13528482</subfield>
  </datafield>
  <datafield ind1=" " ind2=" " tag="040">
    <subfield code="a">KyU</subfield>
    <subfield code="c">KyU</subfield>
    <subfield code="d">OCoLC</subfield>
    <subfield code="d">OCoLC</subfield>
    <subfield code="d">DLC</subfield>
    <subfield code="d">PSt</subfield>
    <subfield code="d">DLC</subfield>
  </datafield>
  <datafield ind1=" " ind2=" " tag="042">
    <subfield code="a">lcd</subfield>
    <subfield code="a">nsdp</subfield>
  </datafield>
  <datafield ind1=" " ind2=" " tag="043">
    <subfield code="a">n-us-ky</subfield>
  </datafield>
  <datafield ind1="0" ind2="0" tag="050">
    <subfield code="a">Newspaper</subfield>
  </datafield>
  <datafield ind1="0" ind2=" " tag="130">
    <subfield code="a">Bourbon news (Paris, Ky. : 1895)</subfield>
  </datafield>
  <datafield ind1=" " ind2="4" tag="222">
    <subfield code="a">The Bourbon news</subfield>
    <subfield code="b">(Paris, Ky. 1895)</subfield>
  </datafield>
  <datafield ind1="1" ind2="4" tag="245">
    <subfield code="a">The Bourbon news.</subfield>
  </datafield>
  <datafield ind1=" " ind2=" " tag="260">
    <subfield code="a">Paris, Ky. :</subfield>
    <subfield code="b">Champ &amp; Miller,</subfield>
    <subfield code="c">1895-</subfield>
  </datafield>
  <datafield ind1=" " ind2=" " tag="300">
    <subfield code="a">v. :</subfield>
    <subfield code="b">ill.</subfield>
  </datafield>
  <datafield ind1=" " ind2=" " tag="310">
    <subfield code="a">Semiweekly</subfield>
  </datafield>
  <datafield ind1="0" ind2=" " tag="362">
    <subfield code="a">15th year, no. 39 (May 14, 1895)-</subfield>
  </datafield>
  <datafield ind1=" " ind2=" " tag="530">
    <subfield code="a">Archived issues are available in digital format as part of the Library of Congress Chronicling America online collection.</subfield>
  </datafield>
  <datafield ind1=" " ind2="0" tag="651">
    <subfield code="a">Bourbon County (Ky.)</subfield>
    <subfield code="v">Newspapers.</subfield>
  </datafield>
  <datafield ind1=" " ind2="0" tag="651">
    <subfield code="a">Paris (Ky.)</subfield>
    <subfield code="v">Newspapers.</subfield>
  </datafield>
  <datafield ind1=" " ind2=" " tag="752">
    <subfield code="a">United States</subfield>
    <subfield code="b">Kentucky</subfield>
    <subfield code="c">Bourbon</subfield>
    <subfield code="d">Paris.</subfield>
  </datafield>
  <datafield ind1="0" ind2="8" tag="776">
    <subfield code="i">Issued also online:</subfield>
    <subfield code="t">Bourbon news (Paris, Ky. : 1895 : Online)</subfield>
    <subfield code="w">(DLC)  2007264047</subfield>
    <subfield code="w">(OCoLC)182728155</subfield>
  </datafield>
  <datafield ind1="0" ind2="0" tag="780">
    <subfield code="t">Semi-weekly Bourbon news</subfield>
    <subfield code="w">(DLC)sn 86069872</subfield>
  </datafield>
  <datafield ind1=" " ind2=" " tag="850">
    <subfield code="a">DLC</subfield>
  </datafield>
  <datafield ind1="4" ind2="1" tag="856">
    <subfield code="u">http://www.loc.gov/chroniclingamerica/lccn/sn86069873/issues</subfield>
  </datafield>
</record>
